%YAML 1.1
%TAG !u! tag:unity3d.com,2011:
--- !u!241 &24100000
AudioMixerController:
  m_ObjectHideFlags: 0
  m_PrefabParentObject: {fileID: 0}
  m_PrefabInternal: {fileID: 0}
  m_Name: NewAudioMixer
  m_OutputGroup: {fileID: 0}
  m_MasterGroup: {fileID: 24300002}
  m_Snapshots:
  - {fileID: 24500006}
  m_StartSnapshot: {fileID: 24500006}
  m_SuspendThreshold: -70.3
  m_EnableSuspend: 1
  m_UpdateMode: 0
  m_ExposedParameters: []
  m_AudioMixerGroupViews:
  - guids:
    - 493bf5afab2b40b478f7c6420e3631f4
    - cf60b2ddaeb80cb408d464493f60d653
    - 4b2a71aefd3371a42b6ca3df14bef41e
    name: View
  m_CurrentViewIndex: 0
  m_TargetSnapshot: {fileID: 24500006}
--- !u!243 &24300002
AudioMixerGroupController:
  m_ObjectHideFlags: 0
  m_PrefabParentObject: {fileID: 0}
  m_PrefabInternal: {fileID: 0}
  m_Name: Master
  m_AudioMixer: {fileID: 24100000}
  m_GroupID: 493bf5afab2b40b478f7c6420e3631f4
  m_Children:
  - {fileID: 243988736943590046}
  - {fileID: 243799739389526846}
  m_Volume: 53a644dd303506743a347a8d33f51fab
  m_Pitch: 66098beb5d78d6044a08a4c12892af7a
  m_Effects:
  - {fileID: 24400004}
  m_UserColorIndex: 0
  m_Mute: 0
  m_Solo: 0
  m_BypassEffects: 0
--- !u!244 &24400004
AudioMixerEffectController:
  m_ObjectHideFlags: 3
  m_PrefabParentObject: {fileID: 0}
  m_PrefabInternal: {fileID: 0}
  m_Name: 
  m_EffectID: 787a6669f8d90f747bcdd3d71e658a2a
  m_EffectName: Attenuation
  m_MixLevel: d207beed49fd723469fb1360d47afe24
  m_Parameters: []
  m_SendTarget: {fileID: 0}
  m_EnableWetMix: 0
  m_Bypass: 0
--- !u!245 &24500006
AudioMixerSnapshotController:
  m_ObjectHideFlags: 0
  m_PrefabParentObject: {fileID: 0}
  m_PrefabInternal: {fileID: 0}
  m_Name: Snapshot
  m_AudioMixer: {fileID: 24100000}
  m_SnapshotID: 58ce5120d14e6d5438f8edc39e83429c
  m_FloatValues: {}
  m_TransitionOverrides: {}
--- !u!243 &243799739389526846
AudioMixerGroupController:
  m_ObjectHideFlags: 0
  m_PrefabParentObject: {fileID: 0}
  m_PrefabInternal: {fileID: 0}
  m_Name: 2
  m_AudioMixer: {fileID: 24100000}
  m_GroupID: cf60b2ddaeb80cb408d464493f60d653
  m_Children: []
  m_Volume: e203dca0426885e43880a870540e5b9d
  m_Pitch: be14dd8bede81024f8ee75ffe973e0d9
  m_Effects:
  - {fileID: 244206180113720068}
  m_UserColorIndex: 0
  m_Mute: 0
  m_Solo: 0
  m_BypassEffects: 0
--- !u!243 &243988736943590046
AudioMixerGroupController:
  m_ObjectHideFlags: 0
  m_PrefabParentObject: {fileID: 0}
  m_PrefabInternal: {fileID: 0}
  m_Name: 1
  m_AudioMixer: {fileID: 24100000}
  m_GroupID: 4b2a71aefd3371a42b6ca3df14bef41e
  m_Children: []
  m_Volume: dd5e584a3e16dc148adf025b7fba53f6
  m_Pitch: 96ada2943302f17479e695d7ed7f0c34
  m_Effects:
  - {fileID: 244827850912254524}
  m_UserColorIndex: 0
  m_Mute: 0
  m_Solo: 0
  m_BypassEffects: 0
--- !u!244 &244206180113720068
AudioMixerEffectController:
  m_ObjectHideFlags: 3
  m_PrefabParentObject: {fileID: 0}
  m_PrefabInternal: {fileID: 0}
  m_Name: 
  m_EffectID: 3b48f6fd8f2dac648ae5c8acc6cf1070
  m_EffectName: Attenuation
  m_MixLevel: 0fbbef387bd0c8342aca78755a9dbf1a
  m_Parameters: []
  m_SendTarget: {fileID: 0}
  m_EnableWetMix: 0
  m_Bypass: 0
--- !u!244 &244827850912254524
AudioMixerEffectController:
  m_ObjectHideFlags: 3
  m_PrefabParentObject: {fileID: 0}
  m_PrefabInternal: {fileID: 0}
  m_Name: 
  m_EffectID: 9ca2533da26e07b4985ab6233090c607
  m_EffectName: Attenuation
  m_MixLevel: e3aab6077dc78fc4985e757580a4fa75
  m_Parameters: []
  m_SendTarget: {fileID: 0}
  m_EnableWetMix: 0
  m_Bypass: 0
